@Manual{R,
  title = {R: A Language and Environment for Statistical Computing},
  author = {{R Core Team}},
  organization = {R Foundation for Statistical Computing},
  address = {Vienna, Austria},
  year = {2017},
  url = {https://www.R-project.org/},
}

@book{hull,
  title={Options, futures, and other derivatives},
  author={Hull, John C and Basu, Sankarshan},
  year={2012},
  publisher={Pearson Education India}
}

@book{shreve,
  title={Stochastic calculus for finance II: Continuous-time models},
  author={Shreve, Steven E},
  volume={11},
  year={2004},
  publisher={Springer Science \& Business Media}
}

@article{bs,
  title={The pricing of options and corporate liabilities},
  author={Black, Fischer and Scholes, Myron},
  journal={Journal of political economy},
  volume={81},
  number={3},
  pages={637--654},
  year={1973},
  publisher={The University of Chicago Press}
}

@article{merton73,
  title={Theory of rational option pricing},
  author={Merton, Robert C},
  journal={The Bell Journal of economics and management science},
  pages={141--183},
  year={1973},
  publisher={JSTOR}
}